<record><leader>00000cas a22000007a 4500</leader><controlfield tag="001">19578582</controlfield><controlfield tag="008">890420c18999999njuwr ne      0    0eng d</controlfield><datafield ind1=" " ind2=" " tag="010"><subfield code="a">sn 89069040 </subfield></datafield><datafield ind1=" " ind2=" " tag="040"><subfield code="a">NJW</subfield><subfield code="b">eng</subfield><subfield code="c">NJW</subfield><subfield code="d">OCLCQ</subfield></datafield><datafield ind1=" " ind2=" " tag="042"><subfield code="a">msc</subfield></datafield><datafield ind1="0" ind2="4" tag="245"><subfield code="a">The Nutley Sun.</subfield></datafield><datafield ind1=" " ind2=" " tag="260"><subfield code="a">Nutley, N.J. :</subfield><subfield code="b">James D. Foy</subfield></datafield><datafield ind1=" " ind2=" " tag="310"><subfield code="a">Weekly</subfield></datafield><datafield ind1="1" ind2=" " tag="362"><subfield code="a">Began in 1899.</subfield></datafield><datafield ind1=" " ind2=" " tag="588"><subfield code="a">Description based on: Vol. 18, no. 11 (Jan. 1, 1915).</subfield></datafield><datafield ind1=" " ind2=" " tag="752"><subfield code="a">United States</subfield><subfield code="b">New Jersey</subfield><subfield code="c">Essex</subfield><subfield code="d">Nutley.</subfield></datafield><datafield ind1="0" ind2="0" tag="780"><subfield code="t">Rising sun (Nutley, N.J.)</subfield></datafield></record>